<?xml version="1.0" encoding="UTF-8"?><collection xmlns="http://www.loc.gov/MARC21/slim"><record><leader>00322nam--2200121-i-4500</leader><controlfield tag="001">000037025</controlfield><controlfield tag="002">20161230</controlfield><controlfield tag="005">20161230201041</controlfield><controlfield tag="008">060222s1000------------r-----000-0-eng-d</controlfield><datafield ind1=" " ind2=" " tag="080"><subfield code="a">165.63:165.001</subfield></datafield><datafield ind1=" " ind2=" " tag="245"><subfield code="a">Privire filozofica asupra rationalitatii stiintei</subfield></datafield><datafield ind1=" " ind2=" " tag="260"><subfield code="a">Bucuresti, Ed.Acad.R.S.R., 1983, 176p</subfield></datafield><datafield ind1=" " ind2=" " tag="852"><subfield code="a">71291</subfield></datafield></record></collection>